@Book{AscherPetzold1998,
  AUTHOR    = {U. Ascher and L. Petzold},
  TITLE     = {{Computer Methods for Ordinary Differential Equations and
                Differential-Algebraic Equations}},
  PUBLISHER = {SIAM Press},
  ADDRESS   = {Philadelphia},
  YEAR      = {1998},
}

@TechReport{Balayetal2021,
  Author = {S. Balay and S. Abhyankar and M. Adams and J. Brown and P. Brune and K. Buschelman and L. Dalcin and A. Dener and V. Eijkhout and W. Gropp and D. Karpeyev and D. Kaushik and M. Knepley and D. May and L. Curfman McInnes and R. Mills and T. Munson and K. Rupp and P. Sanan and B. Smith and S. Zampini and H. Zhang and H. Zhang},
  Title = {{PETS}c {U}sers {M}anual},
  Number = {ANL-95/11 Revision 3.16},
  Institution = {Argonne National Laboratory},
  Year = {2021}
}

@Book{Bueler2021,
  AUTHOR    = {E. Bueler},
  TITLE     = {{PETSc} for {P}artial {D}ifferential {E}quations: {N}umerical {S}olutions in {C} and {P}ython},
  PUBLISHER = {SIAM Press},
  ADDRESS   = {Philadelphia},
  YEAR      = {2021}
}

@Article{Gearetal1985,
  title={Automatic integration of {E}uler-{L}agrange equations with constraints},
  author={C. W. Gear and B. Leimkuhler and G. K. Gupta},
  journal={J. Comput. Appl. Math.},
  volume={12},
  pages={77--90},
  year={1985},
}

@Book{Lanczos1970,
  AUTHOR    = {C. Lanczos},
  TITLE     = {The {V}ariational {P}rinciples of {M}echanics},
  PUBLISHER = {U. Toronto Press},
  ADDRESS   = {Toronto},
  NOTE      = {Reprinted 1986 by Dover Publications.},
  YEAR      = {1970}
}
